%% This BibTeX bibliography file was created using BibDesk.
%% http://bibdesk.sourceforge.net/


%% Created for Ang Li at 2016-05-02 22:42:02 +1000 


%% Saved with string encoding Unicode (UTF-8) 



@manual{TuningCSourceCode,
	Date-Added = {2016-05-13 06:07:28 +0000},
	Date-Modified = {2016-05-13 06:09:00 +0000},
	Month = {May},
	Organization = {Analog Devices, Inc.},
	Title = {Tuning C Source Code for the Blackfin{\textregistered} Processor Compiler},
	Year = {2003}}

@book{DAFX_book,
	Author = {Z{\"o}lzer, U. and Amatriain, X. and Arfib, D. and Bonada, J. and De Poli, G. and Dutilleux, P. and Evangelista, G. and Keiler, F. and Loscos, A. and Rocchesso, D. and others},
	Date-Modified = {2016-05-10 14:22:30 +0000},
	Isbn = {9780471490784},
	Lccn = {2002280336},
	Pages = {51-53},
	Publisher = {John Wiley \& Sons},
	Title = {DAFX - Digital Audio Effects},
	Year = {2002}}

@article{davis1980comparison,
	Author = {Davis, Steven B and Mermelstein, Paul},
	Journal = {Acoustics, Speech and Signal Processing, IEEE Transactions on},
	Number = {4},
	Pages = {357--366},
	Publisher = {IEEE},
	Title = {Comparison of parametric representations for monosyllabic word recognition in continuously spoken sentences},
	Volume = {28},
	Year = {1980}}

@article{brandstein1995practical,
	Author = {Brandstein, Michael S and Adcock, John E and Silverman, Harvey F},
	Journal = {Computer Speech \& Language},
	Number = {2},
	Pages = {153--169},
	Publisher = {Elsevier},
	Title = {A practical time-delay estimator for localizing speech sources with a microphone array},
	Volume = {9},
	Year = {1995}}

@article{picone1993signal,
	Author = {Picone, Joseph W},
	Journal = {Proceedings of the IEEE},
	Number = {9},
	Pages = {1215--1247},
	Publisher = {IEEE},
	Title = {Signal modeling techniques in speech recognition},
	Volume = {81},
	Year = {1993}}

@techreport{EVW-report,
	Author = {Eranga, Wanninayake and Varun, Ravi and Winston, Ng},
	Date-Added = {2016-05-04 11:47:58 +0000},
	Date-Modified = {2016-05-04 11:49:14 +0000},
	Institution = {The University of Melbourne},
	Title = {Voice Controlled Foldback Monitor System},
	Year = {2014}}

@inproceedings{uysal2005bandwidth,
	Author = {Uysal, Ismail and Sathyendra, Harsha and Harris, John G},
	Booktitle = {Signal Processing Conference, 2005 13th European},
	Organization = {IEEE},
	Pages = {1--4},
	Title = {Bandwidth extension of telephone speech using frame-based excitation and robust features},
	Year = {2005}}

@manual{AC97-codec,
	Date-Added = {2016-05-03 13:32:21 +0000},
	Date-Modified = {2016-05-03 13:33:11 +0000},
	Organization = {Analog Devices},
	Title = {AC '97 SoundMAX Codec}}

@manual{bf54x-hardware,
	Date-Added = {2016-05-03 12:10:16 +0000},
	Date-Modified = {2016-05-03 12:10:51 +0000},
	Organization = {Analog Devices},
	Title = {ADSP-BF54x Blackfin Processor Hardware Reference}}

@manual{start-with-bf548,
	Date-Added = {2016-05-03 11:55:59 +0000},
	Date-Modified = {2016-05-03 11:56:55 +0000},
	Organization = {Analog Devices},
	Read = {0},
	Title = {Getting Started with ADSP-BF548 EZ-KIT Lite}}

@manual{BF548-BSP,
	Date-Added = {2016-05-02 12:41:12 +0000},
	Date-Modified = {2016-05-02 12:41:57 +0000},
	Organization = {Analog Devices},
	Title = {ADSP-BF548 EZ-Kit Lite Board Support Package (BSP) v1.0.0 Release Notes}}

@article{erik-cces,
	Author = {Erik, Weyer},
	Date-Added = {2016-05-02 12:35:50 +0000},
	Date-Modified = {2016-05-02 12:36:29 +0000},
	Title = {Supplementary Notes on CrossCore Embedded Studio}}

@webpage{cces-faq,
	Author = {Craig, Gilchrist},
	Date-Added = {2016-05-02 12:34:30 +0000},
	Date-Modified = {2016-05-02 12:34:41 +0000},
	Title = {FAQ: Importing VisualDSP++ project files to CrossCore Embedded Studio},
	Url = {https://ez.analog.com/docs/DOC-2466},
	Bdsk-Url-1 = {https://ez.analog.com/docs/DOC-2466}}

@webpage{cces-ad1980,
	Author = {Craig, Gilchrist},
	Date-Added = {2016-05-02 11:44:42 +0000},
	Date-Modified = {2016-05-02 12:00:17 +0000},
	Title = {Migration from Visual DSP++ to Crosscore ad1980},
	Url = {https://ez.analog.com/thread/42138},
	Bdsk-Url-1 = {https://ez.analog.com/thread/42138}}
